<?xml version="1.0" encoding="UTF-8"?><collection xmlns="http://www.loc.gov/MARC21/slim"><record><leader>00575nam--2200133-i-4500</leader><controlfield tag="001">000044022</controlfield><controlfield tag="002">20161230</controlfield><controlfield tag="005">20161230201044</controlfield><controlfield tag="008">060222s1000------------r-----000-0-eng-d</controlfield><datafield ind1=" " ind2=" " tag="080"><subfield code="a">669</subfield></datafield><datafield ind1=" " ind2=" " tag="100"><subfield code="a">Templin, R.L. /S.A.</subfield></datafield><datafield ind1=" " ind2=" " tag="245"><subfield code="a">Properties of metals in materials engineering. a series of eight educational lectures on properties of metals in materials engineering presented to members of the asm during the thirtieth national metal congress and exposition, philadelphia, oct.23 to 29, 1948</subfield></datafield><datafield ind1=" " ind2=" " tag="260"><subfield code="a">Cleveland, Ohio, American Society For Metals 1949, 177p</subfield></datafield><datafield ind1=" " ind2=" " tag="852"><subfield code="a">5116</subfield></datafield></record></collection>